<mx:record xmlns="http://www.w3.org/TR/xhtml1/strict" xmlns:mx="http://www.loc.gov/MARC21/slim" xmlns:xsi="http://www.w3.org/2001/XMLSchema-instance"><mx:leader>00037nz  2200037n  45 0</mx:leader><mx:controlfield tag="001">oca04560238 </mx:controlfield><mx:controlfield tag="005">19971218064028.6</mx:controlfield><mx:controlfield tag="008">971216n| acannaab|          |n aaa     c</mx:controlfield><mx:datafield ind1=" " ind2=" " tag="010"><mx:subfield code="a">nr 97044694</mx:subfield></mx:datafield><mx:datafield ind1=" " ind2=" " tag="040"><mx:subfield code="a">UPB</mx:subfield><mx:subfield code="c">UPB</mx:subfield></mx:datafield><mx:datafield ind1="0" ind2=" " tag="100"><mx:subfield code="a">Pseudo-Acro</mx:subfield></mx:datafield><mx:datafield ind1="0" ind2=" " tag="500"><mx:subfield code="a">Helenius Acro,</mx:subfield><mx:subfield code="d">2nd cent.</mx:subfield></mx:datafield><mx:datafield ind1=" " ind2=" " tag="670"><mx:subfield code="a">Acronis et Porphyrionis Commentarii in Q. Horatium Flaccum, 1966</mx:subfield></mx:datafield><mx:datafield ind1=" " ind2=" " tag="670"><mx:subfield code="a">Oxford classical dict., 1996:</mx:subfield><mx:subfield code="b">p. 675 (Helenius Acro, 2nd cent. A.D.; wrote lost commentaries on Terence and Horace; the extant scholia on Horace are not by Helenius Acro; referred to as &amp;#034;Pseudo-Acro)</mx:subfield></mx:datafield><mx:datafield ind1=" " ind2=" " tag="670"><mx:subfield code="a">RLIN, 12/16/97</mx:subfield><mx:subfield code="b">(hdg.: Pseudo-Acro)</mx:subfield></mx:datafield><mx:datafield ind1=" " ind2=" " tag="999"><mx:subfield code="a">5770</mx:subfield></mx:datafield></mx:record>